@online{plab_sphere,
    author = "Cristian Mesiano",
    title = "Our endeavour for home digitisation",
    url = "https://www.linkedin.com/pulse/our-endeavour-home-digitisation-cristian-mesiano/",
    keywords = "perceptolab,sphere"
}

@article{sdlc,
    author = "Alexandra Altvater",
    title = "What Is SDLC? Understand the Software Development Life Cycle",
    journal = "Stackify",
    year = "2020",
    DOI = "https://stackify.com/what-is-sdlc/",
    keywords = "sdlc"
}

@online{waterfall,
    author = "Airbrake",
    title = "Waterfall Model: What Is It and When Should You Use It?",
    url = "https://airbrake.io/blog/sdlc/waterfall-model",
    keywords = "sdlc,waterfall"
}

@online{iterative,
    author = "Wikipedia",
    title = "Iterative and incremental development",
    url = "https://en.wikipedia.org/wiki/Iterative_and_incremental_development",
    keywords = "sdlc,iterative"
}

@online{agile_manifesto,
    author = "Agile Manifesto",
    title = "Manifesto per lo Sviluppo Agile di Software",
    url = "https://agilemanifesto.org/iso/it/manifesto.html",
    keywords = "sdlc,agile,manifesto"
}

@article{scrum,
    author = "Claire Drumond",
    title = "https://www.atlassian.com/agile/scrum",
    journal = "Atlassian",
    DOI = "https://www.atlassian.com/agile/scrum",
    keywords = "agile,scrum"
}

@article{xp,
    author = {Beck, K.},
    title = {Extreme Programming Explained: Embrace Change},
    year = {2000},
    month = {01},
    url = "https://www.researchgate.net/publication/242350998_Extreme_Programming_Explained_Embrace_Change",
    keywords = "agile,xp"
}

@article{devops_origin,
    author = "Steve Mezak",
    title = "The Origins of DevOps: What’s in a Name?",
    journal = "DevOps.com",
    year = "2018",
    DOI = "https://devops.com/the-origins-of-devops-whats-in-a-name/",
    keywords = "devops,origin"
}

@article{devops_culture,
    author = "Rouan Wilsenach",
    title = "DevOpsCulture",
    journal = "Martin Fowler Website",
    year = "2015",
    DOI = "https://martinfowler.com/bliki/DevOpsCulture.html",
    keywords = "devops,culture"
}

@online{devops_calms,
    author = "Atlassian",
    title = "CALMS Framework",
    url = "https://www.atlassian.com/devops/frameworks/calms-framework",
    keywords = "devops,calms"
}

@online{devops_survey_2020,
    author = "Atlassian",
    title = "DevOps Trends Survey 2020",
    url = "https://www.atlassian.com/whitepapers/devops-survey-2020",
    keywords = "devops,survey"
}

@online{devops_flow,
    author = "Lucidchart Content Team",
    title = "Understanding the DevOps process flow",
    url = "https://www.lucidchart.com/blog/devops-process-flow",
    keywords = "devops,flow"
}

@online{devops_ci,
    author = "Scaled Agile",
    title = "Continuous Integration",
    url = "https://www.scaledagileframework.com/continuous-integration/",
    keywords = "devops,ci"
}

@online{devops_cicd,
    author = "Red Hat",
    title = "Cosa si intende con CI/CD?",
    url = "https://www.redhat.com/it/topics/devops/what-is-ci-cd",
    keywords = "devops,cicd"
}

@online{devops_cd,
    author = "Scaled Agile",
    title = "Continuous Deployment",
    url = "https://www.scaledagileframework.com/continuous-deployment/",
    keywords = "devops,cd"
}

@techreport{state_of_devops_report_2020,
    author = "Puppet, CircleCI",
    title = "State of DevOps Report 2020",
    year = "2021",
    month = "1",
    url = "https://puppet.com/resources/report/2020-state-of-devops-report/"
}

@online{devops_roi,
    author = "Christopher Null",
    title = "How to measure DevOps ROI",
    url = "https://techbeacon.com/devops/how-measure-devops-roi",
    keywords = "devops,roi"
}

@article{cloud_nist,
    author = "Peter Mell, Tim Grance",
    title = "The NIST Definition of Cloud Computing",
    volume = "SP 800-145",
    year = "2011",
    DOI = "https://csrc.nist.gov/publications/detail/sp/800-145/final",
    keywords = "cloud,nist"
}

@article{cloud_sla,
    author = "Stephanie Overby, Lynn Greiner, Lauren Gibbons Paul",
    title = "What is an SLA? Best practices for service-level agreements",
    journal = "CIO",
    year = "2017",
    month = "7",
    day = "5",
    DOI = "https://www.cio.com/article/2438284/outsourcing-sla-definitions-and-solutions.html",
    keywords = "cloud,sla"
}

@article{cloud_iac,
    author = "Carlos Schults",
    title = "What Is Infrastructure as Code? How It Works, Best Practices, Tutorials",
    journal = "Stackify",
    year = "2019",
    DOI = "https://stackify.com/what-is-infrastructure-as-code-how-it-works-best-practices-tutorials/",
    keywords = "cloud,iac"
}

@article{cloud_cac,
    author = "Adam Bertram",
    title = "Configuration as Code: What is it and how is it beneficial?",
    journal = "Octopus Blog",
    year = "2020",
    DOI = "https://octopus.com/blog/configuration-as-code-what-is-it-how-is-it-beneficial",
    keywords = "cloud,cac"
}

@online{cloud_container,
    author = "Docker",
    title = "What is a Container?",
    url = "https://www.docker.com/resources/what-container",
    keywords = "cloud,container"
}

@article{cloud_container_runtime,
    author = "Evan Baker",
    title = "A Comprehensive Container Runtime Comparison",
    journal = "CapitalOne",
    year = "2020",
    DOI = "https://www.capitalone.com/tech/cloud/container-runtime/",
    keywords = "cloud,container,runtime"
}

@online{monorepo,
    author = "Atlassian",
    title = "Monorepos in Git",
    url = "https://www.atlassian.com/git/tutorials/monorepos",
    keywords = "monorepo"
}

@online{git,
    author = "Atlassian",
    title = "What is Git?",
    url = "https://www.atlassian.com/git/tutorials/what-is-git",
    keywords = "git"
}

@online{code_review,
    author = "SmartBear",
    title = "What is Code Review?",
    url = "https://smartbear.com/learn/code-review/what-is-code-review/",
    keywords = "code,review"
}

@online{bazel,
    author = "Bazel",
    title = "Overview",
    url = "https://docs.bazel.build/versions/master/bazel-overview.html",
    keywords = "bazel"
}

@article{aws,
    author = "John Herrman",
    title = "What, Exactly, Is Amazon Web Services?",
    journal = "The New York Times",
    year = "2021",
    month = "2",
    day = "9",
    DOI = "https://www.nytimes.com/2021/02/09/style/amazon-web-services.html",
    keywords = "aws,nyt"
}

@online{phabricator,
    author = "Phacility",
    title = "Phabricator",
    url = "https://www.phacility.com/phabricator/",
    keywords = "phabricator"
}

@article{jenkins,
    author = "Martin Heller",
    title = "What is Jenkins? The CI server explained",
    journal = "InfoWorld",
    year = "2020",
    month = "3",
    day = "9",
    DOI = "https://www.infoworld.com/article/3239666/what-is-jenkins-the-ci-server-explained.html",
    keywords = "jenkins"
}

@article{sonarqube,
    author = "Mohammad Nadeem",
    title = "Why SonarQube: An Introduction to Static Code Analysis",
    journal = "DZone",
    year = "2015",
    DOI = "https://dzone.com/articles/why-sonarqube-1",
    keywords = "sonarqube"
}

@online{terraform,
    author = "Ionos",
    title = "Terraform: cosa si nasconde dietro il software IaC di HashiCorp?",
    url = "https://www.ionos.it/digitalguide/server/tools-o-strumenti/cose-terraform/",
    keywords = "terraform"
}

@article{ansible,
    author = "Reshma Ahmed",
    title = "What Is Ansible? – Configuration Management And Automation With Ansible",
    journal = "Edureka!",
    year = "2020",
    DOI = "https://www.edureka.co/blog/what-is-ansible/",
    keywords = "ansible"
}

@online{docker,
    author = "Docker",
    title = "Docker Overview",
    url = "https://docs.docker.com/get-started/overview/",
    keywords = "docker"
}

@online{cve,
    author = "The MITRE Corporation",
    title = "CVE",
    url = "https://cve.mitre.org/",
    keywords = "cve"
}

@online{quay_clair,
    author = "Quay",
    title = "Clair",
    url = "https://quay.github.io/clair/",
    keywords = "quay,clair"
}

@online{cvss,
    author = "Forum of Incident Response and Security Teams, Inc.",
    title = "Common Vulnerability Scoring System SIG",
    url = "https://www.first.org/cvss/",
    keywords = "cvss"
}

@online{nist_nvd,
    author = "NIST",
    title = "National Vulnerability Database",
    url = "https://nvd.nist.gov/general",
    keywords = "nist,nvd"
}

@online{gitops,
    author = "WeaveWorks",
    title = "Guide to GitOps",
    url = "https://www.weave.works/technologies/gitops/",
    keywords = "gitops"
}